@BOOK{h264avcs,
  title = {The H.264 Advanced Video Compression Standard},
  publisher = {John Wiley and Sons},
  year = {2010},
  author = {Iain Richardson}
}


@BOOK{ituh264avc,
  title = {Recommendation H.264 - Advanced Video Coding (03/2010)},
  publisher = {ITU-T and ISO/IEC},
  year = {2010}
}


@BOOK{ieeeVideoVol13N7,
  title = {IEEE TRANSACTIONS ON CIRCUITS AND SYSTEMS FOR VIDEO TECHNOLOGY, VOL. 13, NO.7, JULY 2003},
  publisher = {IEEE},
  year = {2003}
}

@BOOK{faceDetectionH264,
  title = {FACE DETECTION DIRECTLY FROM H.264 COMPRESSED VIDEO WITH CONVOLUTIONAL NEURAL NETWORK},
  publisher = {IEEE},
  year = {2009},
  author={Shin Shan Zhuang e Shang Hong Lai}
}

@BOOK{rapidObjectDetectionViola01,
  title = {Rapid Object Detection Using a Boosted Cascade of Simple Features},
  publisher = {IEEE CVPR},
  year = {2001},
  author={Paul Viola e Michael Jones}
}

@BOOK{extendedSetHaarFeatures02,
  title = {An Extended Set of Haar-like Features for Rapid Object Detection},
  publisher = {IEEE ICIP},
  year = {2002},
  author={Rainer Lienhart e Jochen Maydt}
}

@BOOK{haarFPGA,
  title = { Novel FPGA Based Haar Classifier Face Detection Algorithm Acceleration },
  publisher = {IEEE},
  year = {2008},
  author={Changjian Gao e Shih-Lien Lu}
}

@BOOK{haarTests,
  title = { FacePerf: Benchmarks for Face Recognition Algorithms },
  publisher = {IEEE},
  year = {2007},
  author={David S. Bolme, Michelle Strout e J. Ross Beveridge}
}

@BOOK{learningOpenCV,
  title = {Learning OpenCV},
  publisher = {O'Really},
  year = {2008},
  author= {Gary Bradski e Adrian Kaehler}
}
